@inproceedings{Raghavjee:2008:GASTP,
  author = {Raghavjee, Rushil and Pillay, Nelishia},
  title = {An Application of Genetic Algorithms to the School Timetabling Problem},
  booktitle = {Proceedings of the 2008 Annual Research Conference of the South African Institute of Computer Scientists and Information Technologists on IT Research in Developing Countries: Riding the Wave of Technology},
  series = {SAICSIT '08},
  year = {2008},
  isbn = {978-1-60558-286-3},
  location = {Wilderness, South Africa},
  pages = {193--199},
  numpages = {7},
  url = {http://doi.acm.org/10.1145/1456659.1456682},
  doi = {10.1145/1456659.1456682},
  acmid = {1456682},
  publisher = {ACM},
  address = {New York, NY, USA},
  keywords = {genetic algorithms, hard constraints, school timetabling problem, timetabling problems},
}

@misc{Clever,
  title = {Clever Algorithms},
  author = {{Jason Brownlee}},
  year = {2014},
  howpublished = {\url{http://cleveralgorithms.com/nature-inspired/index.html}}
}

@misc{Github,
  title = {Repositório do projeto},
  year = {2014},
  author = {{Marcos Rodrigues}},
  howpublished = {\url{https://github.com/mrodrigues/GeneticAlgorithmForSTP}}
}

@inproceedings{Santos:2004:TSSTP,
  added-at = {2011-07-07T00:00:00.000+0200},
  author = {Santos, Haroldo G. and Ochi, Luiz Satoru and Souza, Marcone J.
    F.},
  biburl =
  {http://www.bibsonomy.org/bibtex/2eddcfcdc75fc0955801445e015a2dfb4/dblp},
  booktitle = {WEA},
  editor = {Ribeiro, Celso C. and Martins, Simone L.},
  ee = {http://dx.doi.org/10.1007/978-3-540-24838-5_35},
  interhash = {2ab61a290d7068cd26a46996252b45e9},
  intrahash = {eddcfcdc75fc0955801445e015a2dfb4},
  isbn = {3-540-22067-4},
  keywords = {dblp},
  pages = {468-481},
  publisher = {Springer},
  series = {Lecture Notes in Computer Science},
  timestamp = {2011-07-07T00:00:00.000+0200},
  title = {An Efficient Tabu Search Heuristic
    for the School Timetabling Problem.},
  url =
  {http://dblp.uni-trier.de/db/conf/wea/wea2004.html#SantosOS04},
  volume = 3059,
  year = 2004
}

@article{Brito:2012:SAVNS,
  added-at = {2013-01-02T00:00:00.000+0100},
  author = {Brito, Samuel S. and Fonseca, George H. G. and Toffolo, Túlio A.
    M. and Santos, Haroldo G. and Souza, Marcone J. F.},
  biburl =
  {http://www.bibsonomy.org/bibtex/218a046c4039116017e5c39f758b946c3/dblp},
  ee = {http://dx.doi.org/10.1016/j.endm.2012.10.023},
  interhash = {642b1c09e8bc302cfaf17647628f5701},
  intrahash = {18a046c4039116017e5c39f758b946c3},
  journal = {Electronic Notes in Discrete Mathematics},
  keywords = {dblp},
  pages = {169-176},
  timestamp = {2013-01-02T00:00:00.000+0100},
  title = {A SA-VNS approach for the High School
    Timetabling Problem.},
  url =
  {http://dblp.uni-trier.de/db/journals/endm/endm39.html#BritoFTSS12},
  volume = 39,
  year = 2012
}

@misc{Kingston:KHE,
  title = {A Software Library for High School Timetabling},
  author = {{Jeffrey H. Kingston}},
  howpublished = {\url{http://sydney.edu.au/engineering/it/~jeff/khe/}},
  notes = {last checked at: 23/06/2014}
}
